@Manual{virtualbox:vdidetails,
  publisher    = {Mathworks},
  year         = {2004 -- 2015},
  title        = {Oracle VM VirtualBox},
  subtitle     = {User Manual},
  pages        = {86},
  version      = {5.0.10\_Ubuntu},
  url          = {http://www.virtualbox.org},
}

@Manual{virtualbox:paenx,
  publisher    = {Mathworks},
  year         = {2004 -- 2015},
  title        = {Oracle VM VirtualBox},
  subtitle     = {User Manual},
  pages        = {51},
  version      = {5.0.10\_Ubuntu},
  url          = {http://www.virtualbox.org},
}

@Manual{virtualbox:bridged,
  publisher    = {Mathworks},
  year         = {2004 -- 2016},
  title        = {Oracle VM VirtualBox},
  subtitle     = {User Manual},
  pages        = {101},
  version      = {5.0.18\_Ubuntu},
  url          = {http://www.virtualbox.org},
}

@Manual{virtualbox:mntshare,
  publisher    = {Mathworks},
  year         = {2004 -- 2015},
  title        = {Oracle VM VirtualBox},
  subtitle     = {User Manual},
  pages        = {72},
  version      = {5.0.10\_Ubuntu},
  url          = {http://www.virtualbox.org},
}

@misc{forelasning02,
  author       = {Peter Jackson},
  title        = {\textsc{DVG001} --- Introduktion till Linux och små nätverk{,} Föreläsning 2: Skalprogrammering},
  year         = {2015},
  howpublished = {Lecture slides},
  publisher    = {Högskolan i Gävle},
  url          = {https://lms.hig.se/bbcswebdav/pid-382566-dt-content-rid-1646684_1/courses/DVG001.28401.2016/F2.pdf},
  note         = {[Online; accessed 13-February-2016]}
}

@misc{forelasning03,
  author       = {Peter Jackson},
  title        = {\textsc{DVG001} --- Introduktion till Linux och små nätverk{,} Föreläsning 3: Om användare{,} grupper och säkerhet},
  year         = {2015},
  howpublished = {Lecture slides},
  publisher    = {Högskolan i Gävle},
  url          = {https://lms.hig.se/bbcswebdav/pid-382564-dt-content-rid-1646682_1/courses/DVG001.28401.2016/F3.pdf},
  note         = {[Online; accessed 5-March-2016]}
}

@misc{forelasning04,
  author       = {Peter Jackson},
  title        = {\textsc{DVG001} --- Introduktion till Linux och små nätverk{,} Föreläsning 4: Lokala nätverk och IPv4},
  year         = {2015},
  howpublished = {Lecture slides},
  publisher    = {Högskolan i Gävle},
  url          = {https://lms.hig.se/bbcswebdav/pid-382561-dt-content-rid-1646680_1/courses/DVG001.28401.2016/F4.pdf},
  note         = {[Online; accessed 5-March-2016]}
}

@misc{forelasning05,
  author       = {Peter Jackson},
  title        = {\textsc{DVG001} --- Introduktion till Linux och små nätverk{,} Föreläsning 5: Nätverk och brandväggar},
  year         = {2015},
  howpublished = {Lecture slides},
  publisher    = {Högskolan i Gävle},
  url          = {https://lms.hig.se/bbcswebdav/pid-382558-dt-content-rid-1646675_1/courses/DVG001.28401.2016/F5.pdf},
  note         = {[Online; accessed 5-March-2016]}
}

@misc{forelasning06,
  author       = {Peter Jackson},
  title        = {\textsc{DVG001} --- Introduktion till Linux och små nätverk{,} Föreläsning 6: IPv6},
  year         = {2015},
  howpublished = {Lecture slides},
  publisher    = {Högskolan i Gävle},
  url          = {https://lms.hig.se/bbcswebdav/pid-382560-dt-content-rid-1646677_1/courses/DVG001.28401.2016/F6.pdf},
  note         = {[Online; accessed 5-March2016]}
}

@misc{wiki:pae,
  author       = {Wikipedia},
  title        = {Physical Address Extension --- Wikipedia{,} The Free Encyclopedia},
  year         = {2016},
  url          = {https://en.wikipedia.org/w/index.php?title=Physical_Address_Extension\&oldid=701865463},
  note         = {[Online; accessed 13-February-2016]}
}

@misc{wiki:shebang,
  author       = {Wikipedia},
  title        = {Shebang (Unix) --- Wikipedia{,} The Free Encyclopedia},
  year         = {2016},
  url          = {https://en.wikipedia.org/w/index.php?title=Shebang_(Unix)\&oldid=707519203},
  note         = {[Online; accessed 29-February-2016]}
}

@book{Johnson:2015,
  author        = {Johnson, Chris and Varma, Jayant},
  title         = {Pro Bash Programming, Second Edition: Scripting the GNU/Linux Shell},
  year          = {2015},
  isbn          = {1484201221, 9781484201220},
  edition       = {2nd},
  publisher     = {Apress},
  address       = {Berkely, CA, USA},
}

@misc{stackoverflow:bashscriptpath,
  author       = {Stack Overflow},
  title        = {Can a Bash script tell what directory it's stored in?},
  year         = {2015},
  url          = {http://stackoverflow.com/a/246128},
  note         = {[Online; accessed 04-March-2016]}
}

@misc{misc:bashism,
  author       = {Inquisitor team},
  title        = {Coding style guidelines: Shell script},
  year         = {2004-2013},
  url          = {http://www.inquisitor.ru/doc/coding-style-shell.html},
  note         = {[Online; accessed 06-March-2016]}
}

@Book{IEEE:2001:ISRa,
  author =       {IEEE},
  title =        {IEEE Std 1003.1-2001 Standard for Information
                 Technology --- Portable Operating System Interface
                 (POSIX) Base Definitions, Issue 6},
  publisher =    {pub-IEEE-STD},
  pages =        {xliv + 448},
  year =         {2001},
  ISBN =         {1-85912-247-7 (UK), 1-931624-07-0 (US), 0-7381-3047-8 (print),
                 0-7381-3010-9 (PDF), 0-7381-3129-6 (CD-ROM)},
  LCCN =         {},
  bibdate =      {Thu May 09 05:06:12 2002},
  note =         {Revision of IEEE Std 1003.1-1996 and IEEE Std
                 1003.2-1992) Open Group Technical Standard Base
                 Specifications, Issue 6.},
  abstract =     {This standard defines a standard operating system
                 interface and environment, including a command
                 interpreter (or shell), and common utility programs to
                 support applications portability at the source code
                 level. It is the single common revision to IEEE Std
                 1003.1-1996, IEEE Std 1003.2-1992, and the Base
                 Specifications of The Open Group Single UNIX
                 Specification, Version 2.},
  keywords =     {application program interface (API); argument;
                 asynchronous; basic regular expression (BRE); batch
                 job; batch system; built-in utility; byte; child;
                 command language interpreter; CPU; extended regular
                 expression (ERE); FIFO; file access control mechanism;
                 input/output (I/O); job control; network; portable
                 operating system interface (POSIX); parent; shell;
                 stream; string; synchronous; system; thread; X/Open
                 System Interface (XSI)},
}

@Book{IEEE:2001:ISRb,
  author =       {IEEE},
  title =        {IEEE Std 1003.1-2001 Standard for Information
                 Technology --- Portable Operating System Interface
                 (POSIX) System Interfaces, Issue 6},
  publisher =    {pub-IEEE-STD},
  pages =        {xxx + 1690},
  year =         {2001},
  ISBN =         {1-85912-247-7 (UK), 1-931624-07-0 (US), 0-7381-3094-4
                 (print), 0-7381-3010-9 (PDF), 0-7381-3129-6 (CD-ROM)},
  LCCN =         {},
  bibdate =      {Thu May 09 05:06:12 2002},
  note =         {Revision of IEEE Std 1003.1-1996 and IEEE Std
                 1003.2-1992) Open Group Technical Standard Base
                 Specifications, Issue 6.},
  abstract =     {This standard defines a standard operating system
                 interface and environment, including a command
                 interpreter (or shell), and common utility programs to
                 support applications portability at the source code
                 level. It is the single common revision to IEEE Std
                 1003.1-1996, IEEE Std 1003.2-1992, and the Base
                 Specifications of The Open Group Single UNIX
                 Specification, Version 2.},
  keywords =     {application program interface (API); argument;
                 asynchronous; basic regular expression (BRE); batch
                 job; batch system; built-in utility; byte; child;
                 command language interpreter; CPU; extended regular
                 expression (ERE); FIFO; file access control mechanism;
                 input/output (I/O); job control; network; portable
                 operating system interface (POSIX); parent; shell;
                 stream; string; synchronous; system; thread; X/Open
                 System Interface (XSI)},
}

@Book{IEEE:2001:ISRc,
  author =       {IEEE},
  title =        {IEEE Std 1003.1-2001 Standard for Information
                 Technology --- Portable Operating System Interface
                 (POSIX) Shell and Utilities, Issue 6},
  publisher =    {pub-IEEE-STD},
  pages =        {xxxii + 1090},
  year =         {2001},
  ISBN =         {1-85912-247-7 (UK), 1-931624-07-0 (US), 0-7381-3050-8
                 (print), 0-7381-3010-9 (PDF), 0-7381-3129-6 (CD-ROM).},
  LCCN =         {},
  bibdate =      {Thu May 09 05:06:12 2002},
  note =         {Revision of IEEE Std 1003.1-1996 and IEEE Std
                 1003.2-1992) Open Group Technical Standard Base
                 Specifications, Issue 6.},
  abstract =     {This standard defines a standard operating system
                 interface and environment, including a command
                 interpreter (or shell), and common utility programs to
                 support applications portability at the source code
                 level. It is the single common revision to IEEE Std
                 1003.1-1996, IEEE Std 1003.2-1992, and the Base
                 Specifications of The Open Group Single UNIX
                 Specification, Version 2.},
  keywords =     {application program interface (API); argument;
                 asynchronous; basic regular expression (BRE); batch
                 job; batch system; built-in utility; byte; child;
                 command language interpreter; CPU; extended regular
                 expression (ERE); FIFO; file access control mechanism;
                 input/output (I/O); job control; network; portable
                 operating system interface (POSIX); parent; shell;
                 stream; string; synchronous; system; thread; X/Open
                 System Interface (XSI)},
}

@Book{IEEE:2001:ISRd,
  author =       {IEEE},
  title =        {IEEE Std 1003.1-2001 Standard for Information
                 Technology --- Portable Operating System Interface
                 (POSIX) Rationale (Informative)},
  publisher =    {pub-IEEE-STD},
  pages =        {xxxiv + 310},
  year =         {2001},
  ISBN =         {1-85912-247-7 (UK), 1-931624-07-0 (US), 0-7381-3048-6 (print),
                  0-7381-3010-9 (PDF), 0-7381-3129-6 (CD-ROM)},
  LCCN =         {},
  bibdate =      {Thu May 09 05:06:12 2002},
  note =         {Revision of IEEE Std 1003.1-1996 and IEEE Std
                 1003.2-1992) Open Group Technical Standard Base
                 Specifications, Issue 6.},
  abstract =     {This standard defines a standard operating system
                 interface and environment, including a command
                 interpreter (or shell), and common utility programs to
                 support applications portability at the source code
                 level. It is the single common revision to IEEE Std
                 1003.1-1996, IEEE Std 1003.2-1992, and the Base
                 Specifications of The Open Group Single UNIX
                 Specification, Version 2.},
  keywords =     {application program interface (API); argument;
                 asynchronous; basic regular expression (BRE); batch
                 job; batch system; built-in utility; byte; child;
                 command language interpreter; CPU; extended regular
                 expression (ERE); FIFO; file access control mechanism;
                 input/output (I/O); job control; network; portable
                 operating system interface (POSIX); parent; shell;
                 stream; string; synchronous; system; thread; X/Open
                 System Interface (XSI)},
}

@misc{debian:install,
  author       = {the Debian Installer team},
  title        = {Debian GNU\slashLinux Installation Guide},
  year         = {2004-2015},
  url          = {https://www.debian.org/releases/jessie/amd64/index.html.en},
  note         = {[Online; accessed 13-March-2016]}
}

@misc{superuser:aptitude-apt,
  author       = {SuperUser},
  publisher    = {StackExchange},
  title        = {Aptitude vs. apt-get: Which is the recommended (aka the ''right'') tool to use?},
  year         = {2010-2016},
  url          = {http://superuser.com/questions/93437/aptitude-vs-apt-get-which-is-the-recommended-aka-the-right-tool-to-use},
  note         = {[Online; accessed 19-March-2016]}
}

@misc{ubuntu:ntp-serverguide,
  author       = {the Ubuntu Documentation Team},
  publisher    = {Ubuntu},
  title        = {Time Synchronisation with NTP},
  year         = {2015},
  url          = {https://help.ubuntu.com/lts/serverguide/NTP.html},
  note         = {[Online; accessed 19-March-2016]}
}

@misc{ntp:pool-use,
  author       = {Bjørn Hansen},
  publisher    = {NTP Pool Project},
  title        = {How do I use pool.ntp.org?},
  year         = {},
  url          = {http://www.pool.ntp.org/en/use.html},
  note         = {[Online; accessed 19-March-2016]}
}

@misc{debian:network,
  author       = {the Debian Wiki team},
  title        = {NetworkConfiguration},
  year         = {2016},
  url          = {https://wiki.debian.org/NetworkConfiguration},
  note         = {[Online; accessed 10-April-2016]}
}

@Manual{manpage:nmap,
  publisher    = {Insecure.Com LLC},
  year         = {1996 -- 2015},
  title        = {Nmap Reference Guide},
  subtitle     = {},
  pages        = {},
  version      = {Nmap version 6.47},
  url          = {https://nmap.org/},
}

@misc{webserver:compar1,
  author       = {Sagar Parajuli},
  publisher    = {Detechter},
  title        = {The Battle of the Web Servers: Apache Vs Nginx Vs Lighttpd},
  year         = {2013},
  url          = {http://detechter.com/the-battle-of-the-web-servers-apache-vs-nginx-vs-lighttpd-2/},
  note         = {[Online; accessed 6-May-2016]}
}

@misc{webserver:compar2,
  author       = {Lee Hutchinson},
  publisher    = {arstechnica},
  title        = {A faster Web server: ripping out Apache for Nginx},
  year         = {2011},
  url          = {http://arstechnica.com/business/2011/11/a-faster-web-server-ripping-out-apache-for-nginx/},
  note         = {[Online; accessed 6-May-2016]}
}

@Electronic{Gruber2013,
  Title        = {Markdown},
  Author       = {Gruber, John},
  Url          = {http://daringfireball.net/projects/markdown/},
  Year         = {2013},
  Owner        = {christophe},
  Timestamp    = {2015.07.22}
}

@Electronic{MacFarlane2013,
  Title        = {Pandoc: a universal document converter},
  Author       = {MacFarlane, John},
  Url          = {http://johnmacfarlane.net/pandoc/},
  Year         = {2013},
  Owner        = {christophe},
  Timestamp    = {2015.07.22}
}

@misc{ubuntu:NFSv4howto,
  author       = {the Ubuntu Documentation Team},
  publisher    = {Ubuntu},
  title        = {NFSv4Howto},
  year         = {2014},
  url          = {https://help.ubuntu.com/community/NFSv4Howto},
  note         = {[Online; accessed 8-May-2016]}
}

@misc{ubuntu:settingupNFShowto,
  author       = {the Ubuntu Documentation Team},
  publisher    = {Ubuntu},
  title        = {SettingUpNFSHowTo},
  year         = {2015},
  url          = {https://help.ubuntu.com/community/SettingUpNFSHowTo},
  note         = {[Online; accessed 8-May-2016]}
}

@misc{dvg001:instruktionerLab5,
  author       = {Anders Jackson},
  title        = {\textsc{DVG001} --- Introduktion till Linux och små nätverk{,} Inlämningsuppgift fem},
  year         = {2015},
  howpublished = {Assignment instructions},
  publisher    = {Högskolan i Gävle},
  url          = {https://lms.hig.se/bbcswebdav/pid-382521-dt-content-rid-1646690_1/courses/DVG001.28401.2016/Laboration5.pdf},
  note         = {[Online; accessed 8-May-2016]}
}

@misc{misc:linuxNFShowto,
  author       = {Christopher Smith},
  title        = {Linux NFS-HOWTO},
  year         = {2006},
  publisher    = {},
  url          = {http://nfs.sourceforge.net/nfs-howto/index.html},
  note         = {[Online; accessed 8-May-2016]}
}

@misc{ubuntu:ufw,
  author       = {the Ubuntu Documentation Team},
  publisher    = {Ubuntu},
  title        = {UFW - Uncomplicated Firewall},
  year         = {2015},
  url          = {https://help.ubuntu.com/community/UFW},
  note         = {[Online; accessed 8-May-2016]}
}

@misc{ipv6:tunnelbroker,
  title        = {Tunnelbroker},
  publisher    = {Hurricane Electric},
  year         = {2016},
  url          = {http://www.tunnelbroker.net/},
  note         = {[Online; accessed 10-June-2016]}
}

@misc{ipv6:dynv6,
  title        = {dynv6},
  subtitle     = {Free Dynamic DNS},
  publisher    = {Digineo GmbH},
  year         = {2016},
  url          = {https://dynv6.com/},
  note         = {[Online; accessed 10-June-2016]}
}

@misc{ipv6:ipv6proxy,
  title        = {IPv6 Proxy},
  subtitle     = {Visit IPv6 websites on your IPv4 connection.},
  publisher    = {unbannernetwork@gmail.com},
  year         = {2016},
  url          = {http://www.ipv6proxy.net/},
  note         = {[Online; accessed 10-June-2016]}
}

@misc{ipv6:sshservertest,
  title        = {SSH server connectivity test},
  subtitle     = {SSH server tester (aka SSH connection checker) is an ssh
                  client that tests ssh server connectivity and accessibility
                  from the Internet by establishing connection to the specified
                  ssh server.},
  publisher    = {},
  year         = {2016},
  url          = {http://www.infobyip.com/sshservertest.php},
  note         = {[Online; accessed 10-June-2016]}
}

@misc{ipv6:dynv6sh,
  title        = {\texttt{dynv6.sh}},
  subtitle     = {Update script for dynv6.com to set your IPv4 address and IPv6 prefix},
  publisher    = {Digineo GmbH},
  year         = {2016},
  url          = {https://gist.github.com/corny/7a07f5ac901844bd20c9},
  note         = {[Online; accessed 11-June-2016]}
}

@misc{misc:crontutorial,
  title        = {Schedule Tasks on Linux Using Crontab},
  subtitle     = {},
  author       = {Kevin van Zonneveld},
  publisher    = {},
  year         = {2007},
  url          = {http://kvz.io/blog/2007/07/29/schedule-tasks-on-linux-using-crontab/},
  note         = {[Online; accessed 11-June-2016]}
}

@misc{misc:cronintro,
  title        = {Intro to cron},
  subtitle     = {This file is an introduction to cron, it covers the basics of
                  what cron does, and how to use it.},
  author       = {cogNiTioN <cognition@attrition.org>},
  publisher    = {},
  year         = {1999},
  url          = {http://www.unixgeeks.org/security/newbie/unix/cron-1.html},
  note         = {[Online; accessed 11-June-2016]}
}

@misc{ipv6:settingup,
  title        = {Setting up a IPv6 Gateway on Hurricane Electric using Ubuntu 10.04.2},
  subtitle     = {},
  author       = {Billy Dickson},
  publisher    = {},
  year         = {2011},
  url          = {http://www.dickson.me.uk/2011/03/08/setting-up-a-ipv6-gateway-on-hurricane-electric-using-ubuntu-lucid-lynx-10-04-2/},
  note         = {[Online; accessed 12-June-2016]}
}

@misc{ipv6:protecting,
  title        = {Protecting your IPv6 world},
  subtitle     = {},
  author       = {Quentin Stafford-Fraser},
  publisher    = {},
  year         = {2012},
  url          = {http://statusq.org/archives/2012/07/21/4297/},
  note         = {[Online; accessed 12-June-2016]}
}

@misc{debian:networkconfig,
  title        = {NetworkConfiguration},
  author       = {the Debian Wiki team},
  year         = {2016},
  url          = {https://wiki.debian.org/NetworkConfiguration},
  note         = {[Online; accessed 12-June-2016]}
}


@misc{ipv6:tunnelswithdebian,
  title        = {IPv6 Tunnels with Debian/Ubuntu behind NAT},
  subtitle     = {},
  author       = {Brian Buchalter},
  publisher    = {},
  year         = {2012},
  url          = {http://blog.endpoint.com/2012/03/ipv6-tunnels-with-debianubuntu-behind.html},
  note         = {[Online; accessed 12-June-2016]}
}


@misc{blockchina,
  title        = {\texttt{block\_china\_ufw.sh}},
  subtitle     = {UFW blocks for China, Korea, Malaysia, Phillipines,
                  Singapore, Thailand and Vietnam netblocks},
  author       = {Lew Goettner},
  publisher    = {},
  year         = {2013},
  url          = {https://gist.github.com/lewg/4565530},
  note         = {[Online; accessed 12-June-2016]}
}

@misc{baddoc:1,
  title        = {FOSS Devs Biggest Complaints: Documentation and Licensing},
  subtitle     = {Open source software may hold considerable appeal for
                  software developers around the world, but that doesn't mean
                  it's without its aggravations.},
  author       = {Jack M. Germain},
  publisher    = {Linux Insider},
  year         = {2013},
  url          = {http://www.linuxinsider.com/story/78825.html},
  note         = {[Online; accessed 13-June-2016]}
}

@misc{baddoc:2,
  title        = {Why do so many libraries have no/poor documentation?},
  subtitle     = {},
  author       = {Billy ONeal},
  publisher    = {Programmers Stack Exchange},
  year         = {2011},
  url          = {http://programmers.stackexchange.com/questions/101388/why-do-so-many-libraries-have-no-poor-documentation},
  note         = {[Online; accessed 13-June-2016]}
}

@misc{baddoc:3,
  title        = {Your Open Source Project is Considered Harmful},
  subtitle     = {},
  author       = {Brian Rinaldi},
  publisher    = {Telerik Developer Network},
  year         = {2016},
  url          = {http://developer.telerik.com/featured/open-source-project-considered-harmful/},
  note         = {[Online; accessed 12-June-2016]}
}


@misc{baddoc:4,
  title        = {Documentation Issues In Open Source},
  subtitle     = {},
  author       = {Stuart Yeates},
  publisher    = {OSS Watch},
  year         = {2005},
  url          = {http://oss-watch.ac.uk/resources/archived/documentation},
  note         = {[Online; accessed 12-June-2016]}
}

@misc{ipv6:radvd,
  title        = {Linux IPv6 Router Advertisement Daemon (radvd)},
  subtitle     = {},
  author       = {Reuben Hawkins},
  publisher    = {},
  year         = {2014},
  url          = {http://www.litech.org/radvd/},
  note         = {[Online; accessed 13-June-2016]}
}

@misc{fx:diystompboxes,
  title        = {DIYstompboxes.com},
  subtitle     = {Want to build your own stompboxes?},
  author       = {Aaron Nelson},
  publisher    = {Aaron Nelson},
  year         = {2005-2016},
  url          = {http://www.diystompboxes.com/smfforum/},
  note         = {[Online; accessed 19-Oct-2016]}
}

@misc{fx:freestompboxes,
  title        = {freestompboxes.org},
  subtitle     = {Independent stompbox & guitarfx dissection and discussion forum since 2007},
  author       = {freestompboxes.org},
  publisher    = {freestompboxes.org},
  year         = {2007-2016},
  url          = {http://freestompboxes.org},
  note         = {[Online; accessed 19-Oct-2016]}
}

@misc{fx:namm,
  title        = {National Association of Music Merchants},
  subtitle     = {NAMM, the National Association of Music Merchants (NAMM),
                  commonly called NAMM in reference to the organizations
                  popular NAMM trade shows, is the not-for-profit
                  association that promotes the pleasures and benefits of
                  making music .. },
  author       = {National Association of Music Merchants, Inc.},
  publisher    = {National Association of Music Merchants, Inc.},
  year         = {1901-2016},
  url          = {https://www.namm.org},
  note         = {[Online; accessed 19-Oct-2016]}
}

@Book{garrett:2010:elements,
  title        = {Elements of User Experience,The: User-Centered Design for
                   the Web and Beyond},
  author       = {Garrett, Jesse James},
  isbn         = {9780321624642},
  series       = {Voices That Matter},
  year         = {2010},
  publisher    = {Pearson Education}
}

@misc{1dv600:lab1:instructions,
  title        = {Assignment 1 \texttt{tobias-dv-lnu/1dv600-lab} Wiki},
  subtitle     = {Revision commit hash \texttt{ac564f7}},
  author       = {Ohlsson, Tobias},
  year         = {2017},
  url          = {https://github.com/tobias-dv-lnu/1dv600-lab/wiki/Assignment-1/ac564f729dc829e8f83220338e65398e52723a3e},
  note         = {[Online; accessed 04-Feb-2017]}
}

@misc{1dv600:lab2:instructions,
  title        = {Assignment 2 \texttt{tobias-dv-lnu/1dv600-lab} Wiki},
  subtitle     = {Revision commit hash \texttt{33c759a}},
  author       = {Ohlsson, Tobias},
  year         = {2017},
  url          = {https://github.com/tobias-dv-lnu/1dv600-lab/wiki/Assignment-2/33c759a0724b7f914216bbd383ba0a9cf3f30175},
  note         = {[Online; accessed 16-Feb-2017]}
}

@misc{1dv600:lab3:instructions,
  title        = {Assignment 3 \texttt{tobias-dv-lnu/1dv600-lab} Wiki},
  subtitle     = {Revision commit hash \texttt{e62370c}},
  author       = {Ohlsson, Tobias},
  year         = {2017},
  url          = {https://github.com/tobias-dv-lnu/1dv600-lab/wiki/Assignment-3/e62370cf70c8507c677462213c7292138fb1b2a5},
  note         = {[Online; accessed 16-Feb-2017]}
}

@online{SOLID:OCP,
  author       = {Martin, Robert C},
  title        = {The Open Closed Principle},
  url          = {https://web.archive.org/web/20060822033314/http://www.objectmentor.com/resources/articles/ocp.pdf},
  publisher    = {C++ Report},
  editor       = {ObjectMentor.com},
  year         = {1996},
  month        = {January},
  note         = {[Online; accessed 04-Feb-2017]}
}

@Article{Martin:1996:OPS,
  author          = {R. C. Martin},
  title           = {The open-closed principle [software maintenance]},
  journal         = {j-C-PLUS-PLUS-REPORT},
  volume          = {8},
  number          = {1},
  pages           = {37--43},
  month           = {jan},
  year            = {1996},
  CODEN           = {CRPTE7},
  ISSN            = {1040-6042},
  bibdate         = {Tue Mar 25 13:34:48 MST 1997},
  acknowledgement = {ack-nhfb},
  classcodes      = {C6110B (Software engineering techniques); C6110J
                     (Object-oriented programming)},
  keywords        = {C language; C++; changing requirements; classes;
                     design principle; extension; fixed abstractions;
                     functions; heuristics; methods; modification; modules;
                     new code addition; object-oriented; object-oriented
                     design; object-oriented languages; open-closed
                     principle; possible behaviour group; software entities;
                     software maintenance; subroutines; unbounded},
  treatment       = {P Practical},
}

@book{SOLID:OCP:Meyer,
  author       = {Bertrand Meyer},
  title        = {Object-Oriented Software Construction (Prentice-Hall International series in computer science)},
  publisher    = {Prentice Hall},
  year         = {1994},
  isbn         = {0136290493}
}


@misc{framework:dropwizard,
  title        = {Dropwizard},
  subtitle     = {Production-ready, out of the box.},
  publisher    = {Dropwizard Team},
  year         = {2016},
  url          = {http://www.dropwizard.io/1.0.6/docs/},
  note         = {[Online; accessed 04-Feb-2017]}
}

@misc{tool:gradle,
  title        = {Gradle Build Tool},
  subtitle     = {Modern Open Source Automation},
  publisher    = {Gradle Inc.},
  year         = {2017},
  url          = {https://gradle.org/},
  note         = {[Online; accessed 04-Feb-2017]}
}

@misc{jackson-json,
  title        = {Jackson 2 -- Convert Java Object to/from JSON},
  author       = {Yong Mook Kim},
  year         = {2015},
  month        = {oct},
  url          = {http://www.mkyong.com/java/jackson-2-convert-java-object-to-from-json/},
  note         = {[Online; accessed 05-Feb-2017]}
}

@misc{calibre,
  title        = {calibre -- E-book management},
  author       = {Kovid Goyal},
  year         = {2017},
  month        = {feb},
  url          = {https://calibre-ebook.com/},
  note         = {[Online; accessed 05-Feb-2017]}
}

@misc{wiki:overengineering,
  author       = {Wikipedia},
  title        = {Overengineering --- Wikipedia{,} The Free Encyclopedia},
  year         = {2016},
  url          = {https://en.wikipedia.org/w/index.php?title=Overengineering&oldid=740045993},
  note         = {[Online; accessed 5-February-2017]}
}

@misc{wiki:featurecreep,
  author       = {Wikipedia},
  title        = {Feature creep --- Wikipedia{,} The Free Encyclopedia},
  year         = {2016},
  url          = {https://en.wikipedia.org/w/index.php?title=Feature_creep&oldid=746087798},
  note         = {[Online; accessed 5-February-2017]}
}

@misc{use-case-critiques,
  author       = {W. Cunningham},
  title        = {Critique Of Use Cases},
  publisher    = {WikiWikiWeb},
  year         = {2014},
  url          = {http://wiki.c2.com/?CritiqueOfUseCases},
  note         = {[Online; accessed 19-February-2017]}
}

@misc{use-case-critique,
  author       = {R. C. Martin},
  title        = {A Critique of Use Cases},
  publisher    = {comp.object},
  year         = {1997},
  url          = {http://ootips.org/use-cases-critique.html},
  note         = {[Online; accessed 19-February-2017]}
}

@misc{tools:jive,
  author       = {J. K. Czyz},
  title        = {JIVE{:} Java Interactive Visualization Environment},
  publisher    = {University at Buffalo},
  year         = {2016},
  url          = {http://www.cse.buffalo.edu/jive/},
  note         = {[Online; accessed 19-February-2017]}
}

@misc{tools:junit,
  author       = {{JUnit}},
  title        = {{JUnit}},
  publisher    = {{JUnit}},
  year         = {2017},
  url          = {http://junit.org/junit4/},
  note         = {[Online; accessed 04-March-2017]}
}

@misc{tools:jira,
  author       = {{Jira}},
  title        = {{Jira}},
  publisher    = {{Jira}},
  year         = {2017},
  url          = {https://www.atlassian.com/software/jira},
  note         = {[Online; accessed 04-March-2017]}
}

@misc{tools:github-issues,
  author       = {{GitHub}},
  title        = {{GitHub}},
  publisher    = {{GitHub}},
  year         = {2017},
  url          = {https://guides.github.com/features/issues/},
  note         = {[Online; accessed 04-March-2017]}
}

@misc{tools:launchpad,
  author       = {{Launchpad}},
  title        = {{Launchpad}},
  publisher    = {Canonical Ltd.},
  year         = {2017},
  url          = {https://launchpad.net/},
  note         = {[Online; accessed 04-March-2017]}
}

@misc{wiki:code-coverage,
  author       = {Wikipedia},
  title        = {Code coverage --- Wikipedia{,} The Free Encyclopedia},
  year         = {2017},
  url          = {https://en.wikipedia.org/w/index.php?title=Code_coverage&oldid=766117774},
  note         = {[Online; accessed 5-March-2017]}
}

@misc{tools:wireshark,
  author       = {{The Wireshark team}},
  title        = {Wireshark{:} The worlds foremost and widely-used network protocol analyzer},
  publisher    = {},
  year         = {2017},
  url          = {https://www.wireshark.org/},
  note         = {[Online; accessed 31-March-2017]}
}

@misc{wireshark:usersguide,
  publisher    = {{The Wireshark Team}},
  year         = {2004 -- 2014},
  title        = {Wireshark Users Guide},
  url          = {https://www.wireshark.org/docs/wsug_html_chunked/},
}

@misc{1dv031:exam2-instructions,
  title        = {Examination 2 - Server operation methods},
  author       = {Lindehoff, Jacob},
  year         = {2016},
  url          = {https://coursepress.lnu.se/kurs/systemadministrationi/part-2-server-operation-methods/examination/},
  note         = {[Online; accessed 12-Apr-2017]}
}

@misc{1dv607:workshop1-instructions,
  title        = {Workshop 1 --- Domain Modeling},
  author       = {Ohlsson, Tobias},
  year         = {2017},
  url          = {https://coursepress.lnu.se/kurs/objektorienterad-analys-och-design-med-uml/workshops-2/workshop-1-domain-modeling/problem-description/},
  note         = {[Online; accessed 31-Aug-2017]}
}

@misc{wiki:crossplatform,
  author       = {Wikipedia},
  title        = {Cross-platform --- Wikipedia{,} The Free Encyclopedia},
  year         = {2017},
  url          = {https://en.wikipedia.org/w/index.php?title=Cross-platform&oldid=774159238},
  note         = {[Online; accessed 12-April-2017]}
}

@article{ete311:kurskompendium,
  title        = {Kurskompendium --- \textsc{ETE311} Grundläggande Datasäkerhet},
  publisher    = {Linköpings Universitet, Tekniska Högskolan},
  author       = {Viiveke Fåk, Jan-Åke Larsson, Jonathan Jogenfors},
  author       = {Fåk, Viiveke and Larsson, Jan Åke and Jogenfors, Jonathan},
  pages        = {32-33},
  year         = {2014},
  version      = {2.33}
}

@misc{ete311:kursinfo,
  title        = {Kurskompendium --- \textsc{ETE311} Grundläggande Datasäkerhet},
  publisher    = {Linköpings Universitet, Tekniska Högskolan},
  year         = {2017},
  url          = {https://liu.se/utbildning/kurs/ete311},
  note         = {[Online; accessed 12-April-2017]}
}

@inproceedings{FreeBSDZFS,
  booktitle    = {FreeBSD Handbook},
  title        = {The Z File System (ZFS)},
  author       = {Tom Rhodes and Allan Jude and Benedict Reuschling and Warren Block},
  year         = {1995-2014},
  organization = {The FreeBSD Documentation Project},
  url          = {http://www.freebsd.org/doc/en_US.ISO8859-1/books/handbook/zfs.html}
}

@Manual{oracle:zfs-admin-guide,
  publisher    = {Oracle Corporation},
  year         = {2006 -- 2010},
  title        = {Oracle Solaris ZFS Administration Guide},
  subtitle     = {},
  pages        = {},
  version      = {819-5461-18},
  url          = {http://docs.oracle.com/cd/E19253-01/819-5461/index.html},
}


@misc{docker,
  title        = {Docker},
  publisher    = {Docker Incorporated},
  year         = {2017},
  url          = {https://www.docker.com/},
  note         = {[Online; accessed 12-April-2017]}
}


@misc{js:autonameow-github,
  title        = {autonameow source repository},
  publisher    = {Jonas Sjöberg},
  year         = {2017},
  url          = {https://github.com/jonasjberg/autonameow},
  note         = {[Online; accessed 05-Sept-2017]}
}

@misc{js:autonameow-docs,
  title        = {autonameow documentation},
  publisher    = {Jonas Sjöberg},
  year         = {2017},
  url          = {https://github.com/jonasjberg/autonameow/tree/master/docs},
  note         = {[Online; accessed 05-Sept-2017]}
}

@book{metadata:aalemu-stevens,
  title        = {An emergent theory of digital library metadata: enrich then
                  filter},
  abstract     = {An Emergent Theory of Digital Library Metadata is a reaction
                  to the current digital library landscape that is being
                  challenged with growing online collections and changing user
                  expectations. The theory provides the conceptual
                  underpinnings for a new approach which moves away from expert
                  defined standardised metadata to a user driven approach with
                  users as metadata co-creators. Moving away from definitive,
                  authoritative, metadata to a system that reflects the
                  diversity of users' terminologies, it changes the current
                  focus on metadata simplicity and efficiency to one of
                  metadata enriching, which is a continuous and evolving
                  process of data linking.  From predefined description to
                  information conceptualised, contextualised and filtered at
                  the point of delivery. By presenting this shift, this book
                  provides a coherent structure in which future technological
                  developments can be considered.},
  author = {Getaneh Alemu and Brett Stevens},
  year = {2015},
  month = {8},
  isbn = {978-0081003855},
  series = {Information Professional Series},
  publisher = {Elsevier},
}

@misc{youtube:blow-software-quality,
  title        = {Software Quality at the CSUA GM2},
  publisher    = {YouTube},
  author       = {Jonathan Blow},
  year         = {2016},
  url          = {https://www.youtube.com/watch?v=k56wra39lwA},
  note         = {[Online; accessed 18-Sept-2017]}
}

@Book{2dv513:fds,
  title        = {Fundamentals of Database Systems)},
  author       = {Ramez Elmasri and Shamkant B. Navathe},
  edition      = {7},
  isbn         = {978-0-13-397077-7},
  year         = {2016},
  publisher    = {Pearson}
}

@Book{2dv513:dbs,
  Title        = {Database Systems: The Complete Book},
  Author       = {Garcia-Molina, Hector and Ullman, Jeffrey D. and Widom, Jennifer},
  Edition      = {2},
  Isbn         = {9780131873254},
  Noaddress    = {Upper Saddle River, NJ, USA},
  Publisher    = {Prentice Hall Press},
  Year         = {2008}
}

@Book{2dv513:dsc,
 Author        = {Silberschatz, Abraham and Korth, Henry and Sudarshan, S.},
 Title         = {Database Systems Concepts},
 Year          = {2006},
 Isbn          = {0072958863, 9780072958867},
 Edition       = {5},
 Publisher     = {McGraw-Hill, Inc.},
 Address       = {New York, NY, USA},
}

@misc{2dv513:assignment1-instructions,
  title        = {Assignment 1},
  year         = {2017},
  url          = {https://mymoodle.lnu.se/pluginfile.php/2760523/mod_assign/introattachment/0/Assignment1.pdf?forcedownload=1},
  note         = {[Online; accessed 2-Dec-2017]}
}

@misc{2dv513:cse_slides_21,
  author       = {Dr P Sreenivasa Kumar},
  title        = {Entity-Relationship Model},
  year         = {2015},
  howpublished = {Lecture slides},
  publisher    = {CS&E Dept I I T Madras},
  url          = {http://nptel.ac.in/courses/106106095/pdf/2_Entity_Relationship_Model.pdf},
  note         = {[Online; accessed 2-Dec-2017]}
}

@misc{2dv610:assignment2-instructions,
  author       = {Daniel Toll},
  title        = {Assignment 2. System Test},
  year         = {2017},
  url          = {https://coursepress.lnu.se/kurs/mjukvarutestning/labs/a2/},
  note         = {[Online; accessed 21-Dec-2017]}
}

@misc{2dv610:assignment2-requirements,
  author       = {Daniel Toll},
  title        = {My web server Requirements},
  year         = {2017},
  url          = {https://docs.google.com/document/d/1fgQngHIZ4_aGIeB2S9YOBCghcBN9EEKBiaN-71MbGac/edit?usp=sharing},
  note         = {[Online; accessed 21-Dec-2017]}
}

@misc{iot-malwarebytes,
  author       = {Wendy Zamora},
  title        = {Internet of Things (IoT) security: what is and what should never be},
  year         = {2017},
  howpublished = {Blog},
  publisher    = {Malwarebytes},
  url          = {https://blog.malwarebytes.com/101/2017/12/internet-things-iot-security-never/},
  note         = {[Online; accessed 21-Dec-2017]}
}

@misc{hypothesis-testing,
  author       = {David R. MacIver},
  title        = {Hypothesis},
  year         = {2017},
  url          = {http://hypothesis.works/},
  note         = {[Online; accessed 21-Dec-2017]}
}

@misc{iot-crypto-key-reuse,
  author       = {Eduard Kovacs},
  title        = {Reuse of Cryptographic Keys Exposes Millions of IoT Devices},
  year         = {2017},
  publisher    = {Security Week},
  url          = {http://www.securityweek.com/reuse-cryptographic-keys-exposes-millions-iot-devices-study},
  note         = {[Online; accessed 22-Dec-2017]}
}

@misc{iot-attack-waiting-to-happen,
  author       = {Jack Wallen},
  title        = {Most IoT devices are an attack waiting to happen, unless manufacturers update their kernels},
  year         = {2017},
  publisher    = {TechRepublic},
  url          = {https://www.techrepublic.com/article/most-iot-devices-are-an-attack-waiting-to-happen-unless-manufacturers-update-their-kernels/},
  note         = {[Online; accessed 22-Dec-2017]}
}

@misc{iot-security-testing,
  author       = {},
  title        = {Most IoT devices are an attack waiting to happen, unless manufacturers update their kernels},
  year         = {2017},
  publisher    = {TechRepublic},
  url          = {https://www.techrepublic.com/article/most-iot-devices-are-an-attack-waiting-to-happen-unless-manufacturers-update-their-kernels/},
  note         = {[Online; accessed 22-Dec-2017]}
}

@INPROCEEDINGS{6006307,
  author       = {G. Gan and Z. Lu and J. Jiang},
  booktitle    = {2011 International Conference on Internet Technology and Applications},
  title        = {Internet of Things Security Analysis},
  year         = {2011},
  volume       = {},
  number       = {},
  pages        = {1-4},
  keywords     = {Internet;computer network security;radiofrequency identification;Internet of things;information technology industry;security risks;Authentication;Business;Computer crime;Encryption;Internet;Logic gates},
  doi          = {10.1109/ITAP.2011.6006307},
  ISSN         = {},
  month        = {Aug}
}

@misc{gplv2,
  title        = {GNU General Public License},
  version      = {2},
  organization = {Free Software Foundation},
  url          = {http://www.gnu.org/licenses/gpl.html},
  pagination   = {section},
  language     = {english},
  date         = {2007-06-29},
  note         = {[Online; accessed 23-Dec-2017]}
}

@misc{rfc2616,
  author       = {R. Fielding and J. Gettys and J. Mogul and H. Frystyk and L. Masinter and P. Leach and T. Berners-Lee},
  title        = {{Hypertext Transfer Protocol -- HTTP/1.1}},
  howpublished = {RFC 2616 (Draft Standard)},
  month        = jun,
  year         = {1999},
  note         = {Updated by RFCs 2817, 5785},
  number       = {2616},
  organization = {Internet Engineering Task Force},
  publisher    = {IETF},
  series       = {Request for Comments},
  url          = {http://www.ietf.org/rfc/rfc2616.txt}
}

@misc{torvalds-security-morons,
  author       = {Simon Sharwood},
  title        = {{Some 'security people are f*cking morons' says Linus Torvalds}},
  year         = {2017},
  publisher    = {The Register},
  url          = {https://www.theregister.co.uk/2017/11/20/security_people_are_morons_says_linus_torvalds/},
  note         = {[Online; accessed 23-Dec-2017]}
}

@misc{torvalds-security-bugs,
  author       = {Linus Torvalds},
  title        = {Re: [GIT PULL] usercopy whitelisting for v4.15-rc1},
  year         = {2017},
  publisher    = {Linux Kernel Mailing List Archive},
  url          = {http://lkml.iu.edu/hypermail/linux/kernel/1711.2/01701.html},
  note         = {[Online; accessed 23-Dec-2017]}
}

@misc{mike-acton-three-big-lies,
  author       = {Mike Acton},
  title        = {Three Big Lies},
  year         = {2008},
  month        = {3},
  publisher    = {CellPerformance},
  url          = {http://cellperformance.beyond3d.com/articles/2008/03/three-big-lies.html},
  note         = {[Online; accessed 23-Dec-2017]}
}
